<?xml version="1.0" encoding="UTF-8"?><record xmlns="http://www.loc.gov/MARC21/slim" xmlns:cinclude="http://apache.org/cocoon/include/1.0" xmlns:zs="http://www.loc.gov/zing/srw/">
  <leader>00622cz  a2200193n  4500</leader>
  <controlfield tag="001">n  89249908 </controlfield>
  <controlfield tag="003">DLC</controlfield>
  <controlfield tag="005">20140904033850.0</controlfield>
  <controlfield tag="008">941004n| azannaab           |a aaa      </controlfield>
  <datafield tag="010" ind1=" " ind2=" ">
    <subfield code="a">n  89249908 </subfield>
  </datafield>
  <datafield tag="040" ind1=" " ind2=" ">
    <subfield code="a">DLC</subfield>
    <subfield code="b">eng</subfield>
    <subfield code="c">DLC</subfield>
    <subfield code="e">rda</subfield>
    <subfield code="d">DLC</subfield>
    <subfield code="d">MiU</subfield>
    <subfield code="d">DLC</subfield>
  </datafield>
  <datafield tag="046" ind1=" " ind2=" ">
    <subfield code="f">1848</subfield>
    <subfield code="g">18980909</subfield>
  </datafield>
  <datafield tag="100" ind1="1" ind2=" ">
    <subfield code="a">Majithia, Dyal Singh,</subfield>
    <subfield code="d">1848-1898</subfield>
  </datafield>
  <datafield tag="374" ind1=" " ind2=" ">
    <subfield code="a">Educators</subfield>
    <subfield code="a">Journalists</subfield>
    <subfield code="a">Philanthropists</subfield>
    <subfield code="2">lcsh</subfield>
  </datafield>
  <datafield tag="375" ind1=" " ind2=" ">
    <subfield code="a">male</subfield>
  </datafield>
  <datafield tag="377" ind1=" " ind2=" ">
    <subfield code="a">eng</subfield>
  </datafield>
  <datafield tag="400" ind1="1" ind2=" ">
    <subfield code="a">Majithia, Sardar Dyal,</subfield>
    <subfield code="d">1848-1898</subfield>
  </datafield>
  <datafield tag="400" ind1="0" ind2=" ">
    <subfield code="a">Dyal Singh Majithia,</subfield>
    <subfield code="d">1848-1898</subfield>
  </datafield>
  <datafield tag="670" ind1=" " ind2=" ">
    <subfield code="a">Dyal Singh Majithia, 1994:</subfield>
    <subfield code="b">pref. (founder of the Tribune) p. 119 (b. 1848) p. 121 (d. 9/9/1898)</subfield>
  </datafield>
</record>